<?xml version="1.0" encoding="UTF-8"?><collection xmlns="http://www.loc.gov/MARC21/slim"><record><leader>00536nam--2200193-i-4500</leader><controlfield tag="001">000034059</controlfield><controlfield tag="002">20161230</controlfield><controlfield tag="005">20161230201039</controlfield><controlfield tag="008">060222s1000------------r-----000-0-eng-d</controlfield><datafield ind1=" " ind2=" " tag="020"><subfield code="a">0306404133</subfield></datafield><datafield ind1=" " ind2=" " tag="040"><subfield code="a">IFIN-HH</subfield></datafield><datafield ind1=" " ind2=" " tag="080"><subfield code="a">539.186.3:539.196</subfield></datafield><datafield ind1="1" ind2=" " tag="100"><subfield code="a">Nesbet, Robert K</subfield></datafield><datafield ind1="1" ind2="0" tag="245"><subfield code="a">Variational methods in electron-atom scattering theory</subfield><subfield code="c">Robert k. nesbet</subfield></datafield><datafield ind1=" " ind2=" " tag="260"><subfield code="a">New York</subfield><subfield code="b">Plenum Press</subfield><subfield code="c">1980</subfield></datafield><datafield ind1=" " ind2=" " tag="300"><subfield code="a">X+228P</subfield></datafield><datafield ind1=" " ind2=" " tag="490"><subfield code="a">Physics Atoms And Molecules</subfield></datafield><datafield ind1=" " ind2=" " tag="852"><subfield code="a">49207</subfield><subfield code="c">539.18</subfield></datafield><datafield ind1=" " ind2=" " tag="CAT"><subfield code="a">Sys</subfield><subfield code="c">20120706</subfield><subfield code="h">114954</subfield></datafield></record></collection>